% ============================================================
% superpixel algorithms \/

% SLIC Superpixels
@techreport{AchantaShajiSmithLucchiFuaSuesstrunk:2010,
    author = {R. Achanta and A. Shaji and K. Smith and A. Lucchi and P. Fua and S. S{\"u}sstrunk},
    title = {{SLIC} Superpixels},
    institution = {{\'E}cole Polytechnique F{\'e}d{\'e}rale de Lausanne},
    address = {Lusanne, Switzerland},
    month = {June},
    year = {2010},
}

% jSLIC
@inproceedings{BorovecKybic:2014,
    author = {J. Borovec and J. Kybic},
    title = {{jSLIC}: Superpixels in {ImageJ}},
    booktitle = {Computer Vision Winter Workshop},
    year = {2014},
}

% gSLIC
@techreport{RenReid:2011,
    author = {C. Y. Ren and I. Reid},
      title = {{gSLIC}: a real-time implementation of {SLIC} superpixel segmentation},
      institution = {University of Oxford},
      address = {Oxford, England},
      year = {2011},
}

% F & H Superpixels
@article{FelzenswalbHuttenlocher:2004,
    author = {P. F. Felzenswalb and D. P. Huttenlocher},
    title = {Efficient Graph-Based Image Segmentation},
    year = {2004},
    institution = {Massachusetts Institute of Technology and Cornell University},
    journal = {Computer Vision, International Journal of},
    publisher={Kluwer Academic Publishers},
    volume = {59},
    number = {2},
}

% Entropy Rate Superpixels
@inproceedings{LiuTuzelRamalingamChellappa:2011,
    author = {M. Y. Lui and O. Tuzel and S. Ramalingam and R. Chellappa},
    title = {Entropy Rate Superpixel Segmentation},
    booktitle = {Computer Vision and Pattern Recognition, Converence on},
    year = {2011},
    month = {June},
    pages = {2097-2104},
    address = {Providence, Rhode Island},
}

% TurboPixels
@article{LevinshteinStereKutulakosFleetDickinsonSiddiqi:2009,
    author = {A. Levinshtein and A. Stere and K. N. Kutulakos and D. J. Fleet and S. J. Dickinson and K. Siddiqi},
    title = {{TurboPixels}: Fast Superpixels Using Geometric Flows},
    journal = {Pattern Analysis and Machine Intelligence, Transactions on},
    year = {2009},
    month = {December},
    volume = {31},
    number = {12},
    pages = {2290-2297},
}

% Superpixels Lattices
@inproceedings{MoorePrinceWarrellMohammedJones:2008,
    author = {A. P. Moore and S. J. D. Prince and J. Warrell and U. Mohammed and G. Jones},
    title = {Superpixel Lattices},
    booktitle = {Computer Vision and Pattern Recognition, Conference on},
    year = {2008},
    month = {June},
    pages = {1-8},
    address = {Anchorage, Alaska},
}

% Lattice Cut
@inproceedings{MoorePrinceWarrell:2010,
    author = {A. P. Moore and S. J. D. Prince and J. Warrell},
    title = {Lattice Cut - Constructing Superpixels Using Layer Constraints},
    booktitle = {Computer Vision and Pattern Recognition, Conference on},
    year = {2010},
    month = {June},
    pages = {2117-2124},
    address = {San Francisco, California},
}

% Superpixel NCut
@inproceedings{RenMalik:2003,
    author = {X. Ren and J. Malik},
    title = {Learning a Classification Model for Segmentation},
    booktitle = {Computer Vision, International Conference on},
    year = {2003},
    month = {October},
    pages = {10-17},
    address = {Nice, France},
}

% Superpixel NCut Reference #1
@inproceedings{Mori:2005, 
	author = {G. Mori}, 
	booktitle = {Computer Vision, International Conference on},
	title = {Guiding model search using segmentation}, 
	year = {2005}, 
	month = {October}, 
	volume = {2}, 
	pages = {1417-1423},
	address = {Beijing, China}
}

% Superpixel NCut Reference #2
@inproceedings{MoriRenEfrosMalik:2004, 
	author = {G. Mori and X. Ren and A. A. Efros and J. Malik}, 
	booktitle = {Computer Vision and Pattern Recognition, Conference on},
	title = {Recovering human body configurations: combining segmentation and recognition}, 
	year = {2004}, 
	month = {June}, 
	volume = {2}, 
	pages = {326-333}, 
	address = {Washington, D.C.},
}

% NCut
@article{ShiMalik:2000,
    author = {J. Shi and J. Malik},
    title = {Normalized Cuts and Image Segmentation},
    journal = {Pattern Analysis and Machine Intelligence, Transactions on},
    year = {2000},
    month = {August},
    volume = {22},
    number = {8},
    pages = {888-905},
}

% Compact Superpixels and Constant Intensity Superpixels
@incollection{VekslerBoykovMehrani:2010,
    author = {O. Veksler and Y. Boykov and P. Mehrani},
    title = {Superpixels and Supervoxels in an Energy Optimization Framework},
    booktitle = {Computer Vision, European Conference on},
    volume = {6315},
    series = {Lecture Notes in Computer Science},
    year = {2010},
    pages = {211-224},
    publisher={Springer Berlin Heidelberg},
}

% Geodesic Superpixels
@inproceedings{ZengWangWangGanZha:2011,
    author = {G. Zeng and P. Wang and J. Wang and R. Gan and H. Zha},
    title = {Structure-sensitive Superpixels via geodesic Distance},
    booktitle = {Computer Vision, International Conference on},
    year = {2011},
    month = {November},
    pages = {447-454},
    address = {Barcelona, Spain},
}

% Pseudo-Boolean Optimization Superpixels
@inproceedings{ZhangHartleyMashfordBurn:2011,
    author = {Y. Zhang and R. Hartley and J. Mashford and S. Burn},
    title = {Superpixels via Pseudo-Boolean Optimization},
    booktitle = {Computer Vision, International Conference on},
    year = {2011},
    month = {November},
    pages = {1387-1394},
    address = {Barcelona, Spain},
}

% Quick Shift
@incollection{VedaldiSoatto:2008,
    author = {A. Vedaldi and S. Soatto},
    title = {Quick Shift and Kernel Methods for Mode Seeking},
    booktitle = {Computer Vision, European Conference on},
    volume={5305},
    series={Lecture Notes in Computer Science},
    year = {2008},
    pages = {705-718},
    publisher={Springer Berlin Heidelberg},
}

% SEEDS (Conference)
@incollection{VanDenBerghBoixRoigCapitaniVanGool:2012,
    author = {M. van den Bergh and X. Boix and G. Roig and B. de Capitani and L. van Gool},
    title = {{SEEDS}: Superpixels Extracted via Energy-Driven Sampling},
    booktitle = {Computer Vision, European Conference on},
    volume={7578},
    series={Lecture Notes in Computer Science},
    year = {2012},
    pages = {13-26},
    publisher={Springer Berlin Heidelberg},
}

% SEEDS (arxiv)
@article{VanDenBerghBoixRoigVanGool:2013,
      author = {M. van den Bergh and X. Boix and G. Roig and B. de Capitani and L. van Gool},
	title = {{SEEDS}: Superpixels Extracted via Energy-Driven Sampling},
	journal = {Computing Research Repository},
	volume = {abs/1309.3848},
	year = {2013},
}

% F & H Based RGBD Video Segmentation
inproceedings{Anonymous:2014,
    author = {Anonymous},
    title = {Efficient Hierarchical Graph-Based Segmentation of RGBD Videos},
    booktitle = {Computer Vision and Pattern Recognition, Conference on},
    year = {2014}
}

% Depth-Adaptive Superpixels
@inproceedings{WeikersdorferGossowBeetz:2012,
    author = {D. Weikersdorfer and D. Gossow and M. Beetz},
    title = {Depth-Adaptive Superpixels},
    booktitle = {Pattern Recognition, International Conference on},
    year = {2012},
    month = {November},
    pages = {2087-2090},
    address = {Tsukuba, Japan},
}

% DASP (Details)
@phdthesis{Weikersdorfer:2014,
	title = {Efficiency by Sparsity: Depth-Adaptive Superpixels and Event-based {SLAM}},
	author = {D. Weikersdorfer},
	school = {Technische Universit{\"a}t M{\"u}nchen},
	address = {Munich, Germany},
	year = {2014},
}

% Depth-Adaptive Supervoxels (Extensions of DASP to Temporal Domain)
@inproceedings{WeikersdorferSchickCremers:2013,
    author = {D. Weikersdorfer and A. Schick and D. Cremers},
    title = {Depth-Adaptive Supervoxels for {RGB-D} Video Segmentation},
    booktitle = {Image Processing, International Converence on},
    year = {2013},
    month = {September},
    pages = {2708-2712},
    address = {Melbourne, Australia},
}

% VCCS Superpixels
@inproceedings{PaponAbramovSchoelerWoergoetter:2013,
    author = {J. Papon and A. Abramov and M. Schoeler and F. W{\"o}rg{\"o}tter},
    title = {Voxel Cloud Connectivity Segmentation - Supervoxels for Point Clouds},
    booktitle = {Computer Vision and Pattern Recognition, Conference on},
    year = {2013},
    month = {June},
    pages = {2027-2034},
    address = {Portland, Oregon},
}

% Contour-Relaxed Superpixels
@incollection{ConradMertzMester:2013,
    author = {C. Conrad and M. Mertz and R. Mester},
    title = {Contour-Relaxed Superpixels},
    year = {2013},
    booktitle = {Energy Minimization Methods in Computer Vision and Pattern Recognition},
    volume = {8081},
    series = {Lecture Notes in Computer Science},
    publisher = {Springer Berlin Heidelberg},
    pages = {280-293},
}

@incollection{MesterConradGuevara:2011,
    author = {R. Mester and C. Conrad and A. Guevara},
    title = {Multichannel Segmentation Using Contour Relaxation: Fast Super-Pixels and Temporal Propagation},
    year = {2011},
    booktitle = {Image Analysis},
    volume = {6688},
    series = {Lecture Notes in Computer Science},
    publisher = {Springer Berlin Heidelberg},
    pages = {250-261},
}

% Topology Preserved Superpixels
@inproceedings{DaiTangHuazhaFuXiaochunCao:2012, 
	author = {D. Tang and H. Fu and X. Cao}, 
	booktitle = {Multimedia and Expo, International Conference on},
	title = {Topology Preserved Regular Superpixel}, 
	year = {2012}, 
	month = {July}, 
	pages = {765-768},
	address = {Melbourne, Australia},
}

% Homogeneous Superpixels (from Random Walks)
@inproceedings{PerbetStengerMaki:2012,
   author = {F. Perbet and A. Maki},
   title = {Homogeneous Superpixels from Random Walks},
   booktitle = {Machine Vision and Applications, Conference on},
   year = {2011},
   month = {June},
   pages = {26-30},
   address = {Nara, Japan},
}

% Superpixels Using Morphology
inproceedings{MalladiRamRodriguez:2014, 
	author = {S. R. S. P. Malladi and S. Ram and J. J. Rodriguez}, 
	booktitle = {Image Analysis and Interpretation, Symposium on}, 
	title = {Superpixels using morphology for rock image segmentation}, 
	year = {2014}, 
	month = {April}, 
	pages = {145-148},
}

% Temporally Consistent Superpixels
@inproceedings{ResoJachalskyRosenhahnOstermann:2013, 
	author = {M. Reso and J. Jachalsky and B. Rosenhahn and J. Ostermann}, 
	booktitle = {Computer Vision, International Conference on},
	title = {Temporally Consistent Superpixels}, 
	year = {2013}, 
	month = {December}, 
	pages = {385-392},
	address = {Sydney, Australia},
}

% Temporal Superpixels
@inproceedings{ChangDonglaiWeiFisher:2013, 
	author = {J. Chang and D. Wei and J. W. Fisher}, 
	booktitle = {Computer Vision and Pattern Recognition, Conference on},
	title = {A Video Representation Using Temporal Superpixels}, 
	year = {2013}, 
	month = {June}, 
	pages = {2051-2058},
	address = {Portland, Oregon},
}

% Regularity Preserved Superpixels and Supervoxels
@article{HuazhuFuXiaochunCaoDaiTangYahongHanDongXu:2014, 
	author = {H. Fu and X. Cao and D. Tang and Y. Han and D. Xu}, 
	journal = {Multimedia, Transactions on},
	title = {Regularity Preserved Superpixels and Supervoxels}, 
	year = {2014}, 
	month = {June}, 
	volume = {16}, 
	number = {4}, 
	pages = {1165-1175},
}

% Superpixels from Strong Paths
@inproceedings{DruckerMacCormick:2009, 
	author = {F. Drucker and J. {MacCormick}}, 
	booktitle = {Motion and Video Computing, Workshop on}, 
	title = {Fast superpixels for video analysis}, 
	year = {2009}, 
	month={December}, 
	pages={1-8},
	address = {Snowbird, Utah},
}

% Gird Seams
inproceedings{SivaWong:2014, 
	author = {P. Siva and A. Wong}, 
	booktitle = {Computer and Robot Vision, Conference on}, 
	title = {Grid Seams: A Fast Superpixel Algorithm for Real-Time Applications}, 
	year = {2014}, 
	month = {May}, 
	pages = {127-134},
}

% Efficient Image Segmentation Using Pairwise Pixel Similarities
@incollection{RohkohlEngel:2007,
	year = {2007},
	booktitle = {Pattern Recognition},
	volume = {4713},
	series = {Lecture Notes in Computer Science},
	title = {Efficient Image Segmentation Using Pairwise Pixel Similarities},
	publisher = {Springer Berlin Heidelberg},
	author = {C. Rohkohl and K. Engel},
	pages = {254-263},
}

% ============================================================
% benchmark and comparison \/

% Compactness Measure (CO)
@inproceedings{SchickFischerStiefelhagen:2012,
    author = {A. Schick and M. Fischer and R. Stiefelhagen},
    title = {Measuring and Evaluating the Compactness of Superpixels},
    booktitle = {Pattern Recognition, International Conference on},
    year = {2012},
    month = {November},
    pages = {930-934},
    address = {Tsukuba, Japan},
}

% Superpixels Benchmark and Comparison
@inproceedings{NeubertProtzel:2012,
    author = {P. Neubert and P. Protzel},
    title = {Superpixel Benchmark and Comparison},
    booktitle = {Forum Bildverarbeitung},
    year = {2012},
    month = {November},
    address = {Regensburg, Germany},
}

% SLIC Compared to State-Of-The-Art
@article{AchantaShajiSmithLucchiFuaSuesstrunk:2012,
    author = {R. Achanta and A. Shaji and K. Smith and A. Lucchi and P. Fua and S. S{\"u}sstrunk},
    title = {{SLIC} Superpixels Compared to State-of-the-Art Superpixel Methods},
    journal = {Pattern Analysis and Machine Intelligence, Transactions on},
    volume = {34},
    number = {11},
    year = {2012},
    month = {November},
    pages = {2274-2281},
}

% ============================================================
% books \/

% Level Set Methods
@book{OsherFedkiw:2003,
    author = {S. Osher and R. Fedkiw},
    title = {Level Set Methods and Dynamic Implicit Surfaces},
    publisher = {Springer Verlag},
    year = {2003},
    address = {New York},
}

% Forsyth and Ponce
@book{ForsythPonce:2002,
    author = {D. Forsyth and J. Ponce},
    title = {Computer Vision: A Modern Approach},
    year = {2002},
    address = {New Jersey},
    publisher = {Prentice Hall Professional Technical Reference}
}

% Bishop
@book{Bishop:2006,
    author = {C. Bishop},
    title = {Pattern Recognition and Machine Learning},
    publisher = {Springer Verlag},
    year = {2006},
    address = {New York},
}

% Algorithms and Data Structures
@book{CormenLeisersonRivestStein:2009,
 	author = {T. H. Cormen and C. E. Leiserson and R. L. Rivest and C. Stein},
 	title = {Introduction to Algorithms},
 	year = {2009},
 	publisher = {MIT Press},
 	address = {Cambridge},
} 

% ============================================================
% datasets \/

% BSDS300
@inproceedings{MartinFowlkesTalMalik:2001,
    author = {D. Martin and C. Fowlkes and D. Tal and J. Malik},
    title = {A Database of Human Segmented Natural Images and Its Application to Evaluating Segmentation Algorithms and Measuring Ecological Statistics},
    booktitle = {Computer Vision, International Conference on},
    volume = {2},
    year = {2001},
    month = {July},
    pages = {416-423},
    address = {Vancouver, Canada},
}

% BSDS500
% OWT-UCM
@article{ArbelaezMaireFowlkesMalik:2011, 
	author = {P. Arbel{\'a}ez and M. Maire and C. Fowlkes and J. Malik}, 
	journal = {Pattern Analysis and Machine Intelligence, Transactions on},
	title = {Contour Detection and Hierarchical Image Segmentation}, 
	year = {2011}, 
	month = {May}, 
	volume = {33}, 
	number = {5}, 
	pages = {898-916},
}

% NYU Depth V1
@inproceedings{SilbermanFergus:2011, 
	author = {N. Silberman and R. Fergus}, 
	booktitle = {Computer Vision Workshops, International Conference on},
	title = {Indoor scene segmentation using a structured light sensor}, 
	year = {2011}, 
	month = {November}, 
	pages = {601-608},
	address = {Barcelona, Spain},
}

% NYU Depth V2
% Application of OWT-UCM
@inproceedings{SilbermanHoiemKohliFergus:2012,
 	author = {N. Silberman and D. Hoiem and P. Kohli and R. Fergus},
 	title = {Indoor Segmentation and Support Inference from {RGBD} Images},
 	booktitle = {Computer Vision, European Conference on},
 	volume={7576},
	series={Lecture Notes in Computer Science},
 	year = {2012},
 	pages = {746-760},
 	publisher={Springer Berlin Heidelberg},
}

% MSRC
@article{ShottonWinnRotherCriminisi:2009,
	year={2009},
	journal={Computer Vision, International Journal of},
	volume={81},
	number={1},
	title={{TextonBoost} for Image Understanding: Multi-Class Object Recognition and Segmentation by Jointly Modeling Texture, Layout, and Context},
	publisher = {Springer US},
	author={J. Shotton and J. Winn and C. Rother and A. Criminisi},
	pages={2-23},
}

% ============================================================
% applications \/

% Superpixel Tracking
@inproceedings{ShuWangHuchuanLuFanYangMingHsuanYang:2011, 
	author = {S. Wang and H. Lu and F. Yang and M.-H. Yang}, 
	booktitle = {Computer Vision, International Conference on},
	title = {Superpixel tracking}, 
	year = {2011}, 
	month = {November}, 
	pages = {1323-1330},
	address = {Barcelona, Spain},
}

% Robust Superpixel Tracking
@article{FanYangHuchuanLuMingHsuanYang:2014, 
	author = {F. Yang and H. Lu and M.-H. Yang}, 
	journal = {Image Processing, Transactions on},
	title = {Robust Superpixel Tracking}, 
	year = {2014}, 
	month = {April}, 
	volume = {23}, 
	number = {4}, 
	pages = {1639-1651},
}

% Stereo and Occlusion
@inproceedings{YuhangZhangHartleyMashfordBurn:2011, 
	author = {Yuhang Zhang and R. Hartley and J. Mashford and S. Burn}, 
	booktitle={Digital Image Computing Techniques and Applications, International Conference on},
	title = {Superpixels, Occlusion and Stereo}, 
	year = {2011}, 
	month = {December}, 
	pages = {84-91},
	address = {Noosa, Australia},
}

% LASH (address: Granada, SPain)
@incollection{JainTuragaBriggmanHelmstadterDenkSeung:2011,
	title = {Learning to Agglomerate Superpixel Hierarchies},
	author = {V. Jain and S. C. Turaga and K. L. Briggman and M. N. Helmstaedter and W. Denk and H. S. Seung},
	booktitle = {Neural Information Processing Systems, Conference on},
	pages = {648-656},
	year = {2011},
	month = {December},
	publisher = {Curran Associates}
}

@inproceedings{GuptaArbelaezMalik:2013, 
	author = {S. Gupta and P. Arbel{\'a}ez and J. Malik}, 
	booktitle = {Computer Vision and Pattern Recognition, Conference on},
	title = {Perceptual Organization and Recognition of Indoor Scenes from {RGB-D} Images}, 
	year = {2013}, 
	month = {June}, 
	pages = {564-571},
	address = {Portland, Oregon},
}

% SuperParsing
@incollection{TigheLazebnik:2010,
	year = {2010},
	booktitle = {Computer Vision, European Conference on},
	volume = {6315},
	series = {Lecture Notes in Computer Science},
	title = {{SuperParsing}: Scalable Nonparametric Image Parsing with Superpixels},
	publisher = {Springer Berlin Heidelberg},
	author = {J. Tighe and S. Lazebnik},
	pages = {352-365},
}

% VideoSEEDS
@inproceedings{VanDenBerghRoigBoixManenVanGool:2013, 
	author = {M. van den Bergh and G. Roig and X. Boix and S. Manen and L. van Gool}, 
	booktitle = {Computer Vision, International Conference on},
	title = {Online Video SEEDS for Temporal Window Objectness}, 
	year = {2013}, 
	month = {December}, 
	pages = {377-384},
	address = {Sydney, Australia},
}

% ============================================================
% misc papers \/

% Intersection kernel
@inproceedings{BarlaOdoneVerri:2003, 
	author = {A. Barla and F. Odone and A. Verri},
	booktitle = {Image Processing, International Conference on},
	title = {Histogram intersection kernel for image classification},
	year = {2003},
	month = {September},
	volume = {3},
	pages = {513-516},
	address = {Barcelona, Spain},
}

% Blue Noise
article{Fattal:2011,   
	author = {R. Fattal},   
	title = {Blue-Noise Point Sampling using Kernel Density Model},   
	journal = {Computer Graphics, ACM SIGGRAPH Conference on},   
	volume = {28},   
	number = {3},   
	year = {2011},     
	pages = {1-10},   
	% publisher = {ACM},   
	% address = {New York, NY, USA}
}

% Rusu Dissertation (month: October)
@phdthesis{Rusu:2009,
	author = {R. B. Rusu},
	title = {Semantic {3D} Object Maps for Everyday Manipulation in Human Living Environments},
	school = {Technische Universit{\"a}t M{\"u}nchen},
	address = {Munich, Germany},
	year = {2009},
}

% Point Cloud Library
@inproceedings{RusuCousins:2011,
  	author = {R. B. Rusu and S. Cousins},
  	title = {{3D is here: Point Cloud Library (PCL)}},
  	booktitle = {Robotics and Automation, International Conference on},
  	month = {May},
  	year = {2011},
  	address = {Shanghai, China},
}

% FPFH
@inproceedings{RusuBlodowBeetz:2009, 
	author = {R. B. Rusu and N. Blodow and M. Beetz}, 
	booktitle = {Robotics and Automation, International Conference on},
	title = {Fast Point Feature Histograms ({FPFH}) for {3D} registration}, 
	year = {2009}, 
	month = {May}, 
	pages = {3212-3217},
	address = {Kobe, Japan},
}

% Normal Estimation Methods
@inproceedings{KlasingAlthoffWollherrBuss:2009, 
	author = {K. Klasing and D. Althoff and D. Wollherr and M. Buss}, 
	booktitle = {Robotics and Automation, International Conference on},
	title = {Comparison of surface normal estimation methods for range sensing applications}, 
	year = {2009}, 
	month = {May}, 
	pages = {3206-3211},
	address = {Kobe, Japan},
}

%LabelMe
@article{RussellTorralbaMurphyFreeman:2008,
	year = {2008},
	journal = {Computer Vision, International Journal of},
	volume = {77},
	number = {1-3},
	title = {{LabelMe}: A Database and Web-Based Tool for Image Annotation},
	publisher = {Springer-Verlag},
	author = {B. C. Russell and A. Torralba and K. P. Murphy and W. T. Freeman},
	pages = {157-173},
}

% Precision-Recall Framework
@article{MartinFowlkesMalik:2004, 
	author = {D. Martin and C. Fowlkes and J. Malik}, 
	journal = {Pattern Analysis and Machine Intelligence, Transactions on},
	title = {Learning to detect natural image boundaries using local brightness, color, and texture cues}, 
	year = {2004}, 
	month = {May}, 
	volume = {26}, 
	number = {5}, 
	pages = {530-549},
}

% Meila, comparing clusterings
@inproceedings{Meila:2005, 
    title = {Comparing clusterings: an axiomatic view}, 
    booktitle = {Machine Learning, International Conference on}, 
    author = {M. Meil{\v{a}}}, 
    year = {2005}, 
    pages = {577-584},
    address = {Bonn, Germany},
}

% Variation of Information
@incollection{Meila:2003,
	year = {2003},
	booktitle = {Learning Theory and Kernel Machines},
	volume = {2777},
	series = {Lecture Notes in Computer Science},
	title = {Comparing Clusterings by the Variation of Information},
	publisher = {Springer Berlin Heidelberg},
	author = {M. Meil{\v{a}}},
	pages = {173-187},
}

% Rand Index
@article{Rand:1971,
     title = {Objective Criteria for the Evaluation of Clustering Methods},
     author = {W. M. Rand},
     journal = {American Statistical Association, Journal of the},
     volume = {66},
     number = {336},
     pages = {846-850},
     year = {1971},
     publisher = {American Statistical Association},
}

% Probabilistic Rand Index
@article{UnnikrishnanPantofaruHebert:2007, 
	author = {R. Unnikrishnan and C. Pantofaru and M. Hebert}, 
	journal = {Pattern Analysis and Machine Intelligence, Transactions on},
	title = {Toward Objective Evaluation of Image Segmentation Algorithms}, 
	year = {2007}, 
	month = {June}, 
	volume = {29}, 
	number = {6}, 
	pages = {929-944},
}

% VLFeat Library
@misc{VedaldiFulkerson:2008,
 	author = {A. Vedaldi and B. Fulkerson},
 	title = {{VLFeat}: An Open and Portable Library of Computer Vision Algorithms},
 	year  = {2008},
 	howpublished = {\url{http://www.vlfeat.org/}},
}

% \alpha-expansion
@article{BoykovVekslerZabih:2001, 
	author={Y. Boykov and O. Veksler and R. Zabih}, 
	journal={Pattern Analysis and Machine Intelligence, Transactions on},
	title={Fast approximate energy minimization via graph cuts}, 
	year={2001}, 
	month={November}, 
	volume={23}, 
	number={11}, 
	pages={1222-1239},
}

% Normals through integral images.
@inproceedings{HolzerRusuDixonGedikliNavab:2012, 
	author = {S. Holzer and R. B. Rusu and M. Dixon and S. Gedikli and N. Navab}, 	
	booktitle = {Intelligent Robots and Systems, International Conference on}, 
	title = {Adaptive neighborhood selection for real-time surface normal estimation from organized point cloud data using integral images}, 
	year = {2012}, 
	month = {October}, 
	pages = {2684-2689},
	address = {Vilamoura, Portugal},
}

% Watershed algorithm mentioned by Achanta et al.
@article{VincentSoille:1991, 
	author = {L. Vincent and P. Soille}, 
	journal = {Pattern Analysis and Machine Intelligence, Transactions on},
	title = {Watersheds in digital spaces: an efficient algorithm based on immersion simulations}, 
	year = {1991}, 
	month = {June}, 
	volume = {13}, 
	number = {6}, 
	pages = {583-598},
}

% OWT-UCM
@inproceedings{ArbelaezMaireFowlkesMalik:2009, 
	author = {P. Arbel{\'a}ez and M. Maire and C. Fowlkes and J. Malik}, 
	booktitle = {Computer Vision and Pattern Recognition, Conference on},
	title = {From contours to regions: An empirical evaluation}, 
	year = {2009}, 
	month = {June}, 
	pages = {2294-2301},
	address = {Miami, Florida},
}

% Application of OWT-UCM
@inproceedings{RenBoFox:2012, 
	author={X. Ren and L. Bo and D. Fox}, 
	booktitle={Computer Vision and Pattern Recognition, Conference on},
	title={{RGB-(D)} scene labeling: Features and algorithms}, 
	year={2012}, 
	month={June}, 
	pages={2759-2766},
	address = {Providence, Rhode Island},
}

% Ren and Bo NYU conversion
@incollection{RenBo:2012,
	title = {Discriminatively Trained Sparse Code Gradients for Contour Detection},
	author = {X. Ren and L. Bo},
	booktitle = {Advances in Neural Information Processing Systems},
	volume = {25},
	pages = {584-592},
	year = {2012},
	publisher = {Curran Associates},
}

% OpenCV
@article{Bradski:2000, 
    	author = {G. Bradski},
    	journal = {Dr. Dobb's Journal of Software Tools},
    	posted-at = {2008-01-15 19:21:54},
    	title = {{The OpenCV Library}},
    	year = {2000},
    	note = {\url{http://opencv.org/}},
} 